@book{buch1,
  author    = {Max Mustermann},
  title     = {Einführung in LaTeX},
  publisher = {Beispiel-Verlag},
  year      = {2020}
}

@book{buch2,
  author    = {Anna Beispiel and Bernd Mustermann and Carla Demo},
  title     = {Fortgeschrittene LaTeX-Techniken},
  publisher = {Demo Verlag},
  year      = {2018}
}

@article{artikel1,
  author  = {John Doe},
  title   = {Eine neue Theorie zur Typografie},
  journal = {Journal für Wissenschaftliche Typografie},
  volume  = {12},
  number  = {3},
  pages   = {45-67},
  year    = {2015}
}

@inproceedings{konferenz1,
  author    = {Jane Smith and Paul Example},
  title     = {Typografische Verbesserungen mit LaTeX},
  booktitle = {Proceedings der Konferenz für Dokumentenverarbeitung},
  pages     = {123-130},
  year      = {2022}
}

@misc{web1,
  author = {Overleaf},
  title  = {LaTeX-Wiki},
  year   = {2025},
  note   = {\MakeUppercase{URL}: \url{https://www.overleaf.com/learn/latex} (abgerufen am 10. März 2025)}
}

@phdthesis{thesis1,
  author = {Alex Student},
  title  = {Untersuchungen zur mathematischen Satztechnik},
  school = {Universität Beispielstadt},
  year   = {2023}
}